@book{bringhurst1996ets,
  title     = {{The Elements of Typographic Style}},
  author    = {Bringhurst, Robert},
  year      = {1996},
  publisher = {Hartley \& Marks}
}

@misc{chazal2013persistencestabilitygeometriccomplexes,
  title         = {Persistence stability for geometric complexes},
  author        = {Frederic Chazal and Vin de Silva and Steve Oudot},
  year          = {2013},
  eprint        = {1207.3885},
  archiveprefix = {arXiv},
  primaryclass  = {math.AT},
  url           = {https://arxiv.org/abs/1207.3885}
}

@book{edelsbrunner2010computational,
  title     = {Computational Topology: An Introduction},
  author    = {Edelsbrunner, H. and Harer, J.},
  isbn      = {9780821849255},
  lccn      = {2009028121},
  series    = {Applied Mathematics},
  url       = {https://books.google.com/books?id=MDXa6gFRZuIC},
  year      = {2010},
  publisher = {American Mathematical Society}
}
